<?xml version="1.0" encoding="UTF-8"?><collection xmlns="http://www.loc.gov/MARC21/slim"><record><leader>00378nam--2200121-i-4500</leader><controlfield tag="001">000003542</controlfield><controlfield tag="002">20161230</controlfield><controlfield tag="005">20161230201025</controlfield><controlfield tag="008">060222s1000------------r-----000-0-eng-d</controlfield><datafield ind1=" " ind2=" " tag="080"><subfield code="a">547.1+571.1(075.2)=59</subfield></datafield><datafield ind1=" " ind2=" " tag="245"><subfield code="a">Chimia fizica si chimia biologica pantru scoli le medii sanitare</subfield></datafield><datafield ind1=" " ind2=" " tag="260"><subfield code="a">Bucuresti, Edit.De Stat, Literatura Medicala, 1951. 174 P. + 1f. + Erata</subfield></datafield><datafield ind1=" " ind2=" " tag="852"><subfield code="a">1426</subfield></datafield></record></collection>